@ARTICLE{hal02158423,
  author = {Eric Heitz, Laurent Belcour},
  title = {Distributing Monte Carlo Errors as a Blue Noise in Screen Space by
          Permuting Pixel Seeds Between Frames},
  year = {2019},
  volume = {38},
  pages = {1--10},
  publisher = {Wiley},
  url = {https://hal.archives-ouvertes.fr/hal-02158423/document}
}

@CONFERENCE{Sch19,
  author = {Christoph Schied},
  title = {Real-time path tracing and denoising in Quake 2},
  year = {2019},
  organization = {Game Developer Conference},
  url = {https://www.gdcvault.com/play/1026185/}
}

@misc{OrcaUE4SunTemple,
   title = {Unreal Engine Sun Temple, Open Research Content Archive (ORCA)},
   author = {Epic Games},
   year = {2017},
   month = {October},
   note = {\small \texttt{http://developer.nvidia.com/orca/epic-games-sun-temple}},
   url = {http://developer.nvidia.com/orca/epic-games-sun-temple}
}

@misc{ORCAAmazonBistro,
   title = {Amazon Lumberyard Bistro, Open Research Content Archive (ORCA)},
   author = {Amazon Lumberyard},
   year = {2017},
   month = {July},
   note = {\small \texttt{http://developer.nvidia.com/orca/amazon-lumberyard-bistro}},
   url = {http://developer.nvidia.com/orca/amazon-lumberyard-bistro}
}

@ARTICLE{KK02,
  author = {G. Drettakis and H.-P. Seidel},
  title = {Efficient Multidimensional Sampling},
  year = {2002},
  volume = {21},
  doi = {10.1111/1467-8659.00706},
  pages = {1--8},
  publisher = {Wiley}
}

@misc{Pet17,
   title = {The problem with 3d blue noise},
   author = {Epic Games},
   year = {2017},
   note = {\small \texttt{Blogpost}},
   url = {http://momentsingraphics.de/3DBlueNoise.html}
}

@inproceedings{10.111712.152707,
author = {Robert A. Ulichney},
title = {{Void-and-cluster method for dither array generation}},
volume = {1913},
booktitle = {Human Vision, Visual Processing, and Digital Display IV},
editor = {Jan P. Allebach and Bernice E. Rogowitz},
organization = {International Society for Optics and Photonics},
publisher = {SPIE},
pages = {332 -- 343},
year = {1993},
doi = {10.1117/12.152707},
URL = {https://doi.org/10.1117/12.152707}
}

@Misc{Benty18,  
   author =      {Nir Benty and Kai-Hwa Yao and Tim Foley and Matthew Oakes and Conor Lavelle and Chris Wyman},  
   title =       {The {Falcor} Rendering Framework},  
   year =        {2018},  
   month =       {05},  
   url =         {https://github.com/NVIDIAGameWorks/Falcor},  
   note=         {\url{https://github.com/NVIDIAGameWorks/Falcor}}  
}

@inproceedings{burley2012physically,
  title={Physically-based shading at disney},
  author={Burley, Brent and Studios, Walt Disney Animation},
  booktitle={ACM SIGGRAPH},
  volume={2012},
  pages={1--7},
  year={2012}
}

@inproceedings{cook1984distributed,
  title={Distributed ray tracing},
  author={Cook, Robert L and Porter, Thomas and Carpenter, Loren},
  booktitle={ACM SIGGRAPH computer graphics},
  volume={18},
  number={3},
  pages={137--145},
  year={1984},
  organization={ACM}
}

@inproceedings{kajiya1986rendering,
  title={The rendering equation},
  author={Kajiya, James T},
  booktitle={ACM SIGGRAPH computer graphics},
  volume={20},
  number={4},
  pages={143--150},
  year={1986},
  organization={ACM}
}

@book{akenine2018real,
  title={Real-time rendering},
  author={Akenine-Moller, Tomas and Haines, Eric and Hoffman, Naty},
  year={2008},
  pages={327-438,201-276},
  publisher={AK Peters/CRC Press}
}

@book{marschner2009fundamentals,
  title={Fundamentals of computer graphics},
  author={Marschner, Steve and Shirley, Peter},
  year={2009},
  pages={69-90,303-310,317-338,623-636},
  publisher={CRC Press}
}

@ARTICLE{3288,
  author={R. A. {Ulichney}},
  journal={Proceedings of the IEEE},
  title={Dithering with blue noise},
  year={1988},
  volume={76},
  number={1},
  pages={56-79},
  keywords={picture processing;white noise;blue noise;spatial dithering;continuous-tone pictures;binary picture elements;high-frequency white noise;halftoning;perturbed error diffusion;frequency domain;frequency content;aperiodic patterns;hexagonal grids;rectangular grids;Low-frequency noise;1f noise;White noise;Displays;Baseband;Sampling methods;Colored noise;Frequency domain analysis;Pattern analysis;Filters},
  doi={10.1109/5.3288},
  ISSN={1558-2256},
  month={Jan}
}

@Misc{FFTProgWeb,
  title={FFTProg},
  howpublished = {\url{http://bigwww.epfl.ch/demo/ip/demos/FFT/}},
  note = {Accessed: 21.11.2019}
}

@misc{WhiteNoiseGenerator,
  title={WhiteNoiseGenerato},
  howpublished = {\url{https://www.cssmatic.com/noise-texture}},
  note = {Accessed: 24.11.2019},
  year = {2019},
  athor = {cssmatic}
}

@inproceedings{ulichney1993void,
  title={Void-and-cluster method for dither array generation},
  author={Ulichney, Robert A},
  booktitle={Human Vision, Visual Processing, and Digital Display IV},
  volume={1913},
  pages={332--343},
  year={1993},
  organization={International Society for Optics and Photonics}
}

@book{kiencke2009signale,
  title={Signale und Systeme},
  author={Kiencke, Uwe and J{\"a}kel, Holger},
  year={2009},
  publisher={Oldenbourg Verlag}
}

@misc{quasirandomsequencesbyRoberts,
  title={The unreasonable effectiveness of quasirandom sequences,},
  howpublished = {\url{http://extremelearning.com.au/unreasonable-effectiveness-of-quasirandom-sequences/}},
  year={2018},
  author={Martin Roberts}
}

@ARTICLE{vanderlaanplasticnumber,
  author={Richard Padovan},
  title={Dom Hans Van Der Laan and the Plastic Number},
  pages={181-193},
  year={2002},
  url={http://www.nexusjournal.com/conferences/N2002-Padovan.html},
  publisher={Kim Williams Books},
  journal={Nexus IV: Architecture and Mathematics}
}

@article{krcadinac2006new,
  title={A new generalization of the golden ratio},
  author={Krcadinac, Vedran},
  journal={Fibonacci Quarterly},
  volume={44},
  number={4},
  pages={335},
  year={2006},
  publisher={THE FIBONACCI ASSOCIATION}
}

@misc{bluenoisewronski,
  title={Dithering part 1-5},
  howpublished={blogpost},
  url={https://bartwronski.com/2016/10/30/dithering-part-one-simple-quantization/},
  author={Bart Wronski},
  year={2016}
}

@misc{turingarchitecture,
  title={Aufbau Turing Architektur},
  howpublished={blogpost},
  url={https://www.heise.de/newsticker/meldung/GeForce-RTX-Nvidia-verraet-mehr-zur-Technik-von-Turing-4165369.html},
  author={Banjamin Kraft},
  year={2018}
}

@inproceedings{georgiev2016blue,
  title={Blue-noise dithered sampling},
  author={Georgiev, Iliyan and Fajardo, Marcos},
  booktitle={ACM SIGGRAPH 2016 Talks},
  pages={35},
  year={2016},
  organization={ACM}
}

@CONFERENCE{callofdutypostprocessing,
  title={Call of Duty Post Processing Pipeline},
  author={Jorge Jimenez},
  journal={SIGGRAPH 2014},
  year={2014},
  pages={},
  publisher={Activision Blizzard},
  url={http://advances.realtimerendering.com/s2014/index.html#_NEXT_GENERATION_POST}
}

@misc{bluenoisechrisschied,
  title={Free blue noise textures},
  howpublished={blogpost},
  url={http://momentsingraphics.de/},
  author={Christoph Peters},
  year={2016}
}

@book{Haines2019,
  title = {Ray Tracing Gems},
  editor = {Eric Haines and Tomas Akenine-M\"oller},
  publisher = {Apress},
  year = {2019},
  pages = {60 - 86},
  note ={\url{http://raytracinggems.com}},
}

@article{caflisch_1998, 
  title={Monte Carlo and quasi-Monte Carlo methods},
  volume={7}, 
  DOI={10.1017/S0962492900002804}, 
  journal={Acta Numerica}, 
  publisher={Cambridge University Press}, 
  author={Caflisch, Russel E.}, 
  year={1998}, 
  pages={1â€“49}
}

@article{Schied:2018:GER:3273023.3233301,
 author = {Schied, Christoph and Peters, Christoph and Dachsbacher, Carsten},
 title = {Gradient Estimation for Real-time Adaptive Temporal Filtering},
 journal = {Proc. ACM Comput. Graph. Interact. Tech.},
 issue_date = {August 2018},
 volume = {1},
 number = {2},
 month = aug,
 year = {2018},
 issn = {2577-6193},
 pages = {24:1--24:16},
 articleno = {24},
 numpages = {16},
 url = {http://doi.acm.org/10.1145/3233301},
 doi = {10.1145/3233301},
 acmid = {3233301},
 publisher = {ACM},
 address = {New York, NY, USA},
 keywords = {denoising, global illumination, real-time rendering, reconstruction, temporal filtering},
} 

@misc{JCrystalSoft2018, 
  url={http://www.jcrystal.com/products/ftlse/index.htm},
  year={2018},
  title={JCrystal},
  note={performing fft on images}
}

@misc{RayFlags, 
  url={https://docs.microsoft.com/en-us/windows/win32/direct3d12/ray_flag},
  year={2019},
  title={RAYFLAG enumeration},
  note={control behaviour of a traced ray}
}

@article {Kirkpatrick671,
	author = {Kirkpatrick, S. and Gelatt, C. D. and Vecchi, M. P.},
	title = {Optimization by Simulated Annealing},
	volume = {220},
	number = {4598},
	pages = {671--680},
	year = {1983},
	doi = {10.1126/science.220.4598.671},
	publisher = {American Association for the Advancement of Science},
	abstract = {There is a deep and useful connection between statistical mechanics (the behavior of systems with many degrees of freedom in thermal equilibrium at a finite temperature) and multivariate or combinatorial optimization (finding the minimum of a given function depending on many parameters). A detailed analogy with annealing in solids provides a framework for optimization of the properties of very large and complex systems. This connection to statistical mechanics exposes new information and provides an unfamiliar perspective on traditional optimization problems and methods.},
	issn = {0036-8075},
	URL = {https://science.sciencemag.org/content/220/4598/671},
	eprint = {https://science.sciencemag.org/content/220/4598/671.full.pdf},
	journal = {Science}
}

@article{hajek1988cooling,
  title={Cooling schedules for optimal annealing},
  author={Hajek, Bruce},
  journal={Mathematics of operations research},
  volume={13},
  number={2},
  pages={311--329},
  year={1988},
  publisher={INFORMS}
}

@article{salamon1988simulated,
  title={Simulated annealing with constant thermodynamic speed},
  author={Salamon, Peter and Nulton, James D and Harland, John R and Pedersen, Jacob and Ruppeiner, George and Liao, Luby},
  journal={Computer Physics Communications},
  volume={49},
  number={3},
  pages={423--428},
  year={1988},
  publisher={Elsevier}
}

@misc{coolDownOverview, 
  url={http://what-when-how.com/artificial-intelligence/a-comparison-of-cooling-schedules-for-simulated-annealing-artificial-intelligence/},
  year={2019},
  title={Simulated Annealing Cool Down Schedules},
  note={different cool down schedules}
}

@incollection{van1987simulated,
  title={Simulated annealing},
  author={Van Laarhoven, Peter JM and Aarts, Emile HL},
  booktitle={Simulated annealing: Theory and applications},
  pages={7--15},
  year={1987},
  publisher={Springer}
}

@misc{ScienceDirectCoolingSchedule,
  url={https://www.sciencedirect.com/topics/computer-science/cooling-schedule},
  year={2020},
  title={Cooling Schedule},
  note={very good overview and further explanation of kirkpatrick}
}

@misc{DisneyPathTracing,
  url={https://www.youtube.com/watch?v=frLwRLS_ZR0},
  year={2020},
  title={Disneys Guide to Path Tracing},
  note={very good overview and further explanation of path tracing}
}

@Inbook{Barre-Brisebois2019,
author="Barr{\'e}-Brisebois, Colin
and Hal{\'e}n, Henrik
and Wihlidal, Graham
and Lauritzen, Andrew
and Bekkers, Jasper
and Stachowiak, Tomasz
and Andersson, Johan",
editor="Haines, Eric
and Akenine-M{\"o}ller, Tomas",
title="Hybrid Rendering for Real-Time Ray Tracing",
bookTitle="Ray Tracing Gems: High-Quality and Real-Time Rendering with DXR and Other APIs",
year="2019",
publisher="Apress",
address="Berkeley, CA",
pages="437--473",
abstract="This chapter describes the rendering pipeline developed for PICA PICA, a real-time ray tracing experiment featuring self-learning agents in a procedurally assembled world. PICA PICA showcases a hybrid rendering pipeline in which rasterization, compute, and ray tracing shaders work together to enable real-time visuals approaching the quality of offline path tracing.",
isbn="978-1-4842-4427-2",
doi="10.1007/978-1-4842-4427-2_25",
url="https://doi.org/10.1007/978-1-4842-4427-2_25"
}

@misc{RRTZusatzkapitel,
  url={https://www.realtimerendering.com/Real-Time_Rendering_4th-Real-Time_Ray_Tracing.pdf},
  year={2020},
  title={Zusatzkapitel RRT},
  note={very good overview and further explanation DirectX Raytracing}
}

@article{matsumoto1998mersenne,
  title={Mersenne twister: a 623-dimensionally equidistributed uniform pseudo-random number generator},
  author={Matsumoto, Makoto and Nishimura, Takuji},
  journal={ACM Transactions on Modeling and Computer Simulation (TOMACS)},
  volume={8},
  number={1},
  pages={3--30},
  year={1998},
  publisher={ACM New York, NY, USA}
}

@incollection{schied2017spatiotemporal,
  title={Spatiotemporal variance-guided filtering: real-time reconstruction for path-traced global illumination},
  author={Schied, Christoph and Kaplanyan, Anton and Wyman, Chris and Patney, Anjul and Chaitanya, Chakravarty R Alla and Burgess, John and Liu, Shiqiu and Dachsbacher, Carsten and Lefohn, Aaron and Salvi, Marco},
  booktitle={Proceedings of High Performance Graphics},
  pages={1--12},
  year={2017}
}

@misc{UE4TAA,
  url={https://www.youtube.com/redirect?q=https%3A%2F%2Fde45xmedrsdbp.cloudfront.net%2FResources%2Ffiles%2FTemporalAA_small-71938806.pptx&redir_token=gVWkz9-V68sJl5FFM8oGqOJpD818MTU4MzE1NzkzMUAxNTgzMDcxNTMx&v=yNQ47MY-Eo0&event=video_description},
  year={2014},
  title={High-Quality Temporal Supersampling},
  note={Brian Karis. 2014}
}

@misc{INSIDETAA,
  url={https://youtu.be/2XXS5UyNjjU},
  year={2018},
  title={Temporal Reprojection Anti-Aliasing in INSIDE},
  note={INSIDE at GDC}
}

@misc{DissertationMenschAugeKontrast,
  url={https://freidok.uni-freiburg.de/dnb/download/8709},
  year={2011},
  author={K.Hoellerhage}
}

@misc{RasterisierungImplementierung,
  url={https://www.scratchapixel.com/lessons/3d-basic-rendering/rasterization-practical-implementation?url=3d-basic-rendering/rasterization-practical-implementation},
  year={2020}
}

@misc{PathTracingInProduction,
  url={https://jo.dreggn.org/path-tracing-in-production/2019/ptp-part2.pdf},
  year={2019},
  note={2019 siggraph course}
}

@misc{gnuplot,
  title="gnuplot",
  note="very good for visualizing 3d-data",
  url={http://www.gnuplot.info/}
}

@misc{matplotlibwrapper,
  title={matplotlib},
  note={good for 2D-plots; 3d plots to buggy!},
  url={https://github.com/lava/matplotlib-cpp}
}

@misc{wanghash,
  title={Quick And Easy GPU Random Numbers In D3D11},
  note={Blogpost about random numbers; abgerufen 09.03.2020},
  url={http://www.reedbeta.com/blog/quick-and-easy-gpu-random-numbers-in-d3d11/}
}

@misc{MersenneTwister,
  title={random numbers through mersenne twister},
  note={abgerufen 09.03.2020},
  url={https://de.wikipedia.org/wiki/Mersenne-Twister}
}

@misc{FreeImage,
  title={FreeImage},
  url={http://freeimage.sourceforge.net/},
  note={etablierte; ausfÃ¼hrlich getestete lib zum Laden/ Speichern von Bildern}
}

@misc{ImageFormat,
  title={ImageFormat},
  url={https://www.khronos.org/opengl/wiki/Image_Format},
  note={erklÃ¤rt was es mit dem BGRA8Unorm-Format, das in Falcor benutzt wird, zu tun hat}
}

@misc{Imgui,
  title={Imgui},
  url={https://github.com/ocornut/imgui},
  note={als Benutzerschnittstelle zur Erstellung der benÃ¶tigten Texturen}
}