@ARTICLE{hal-02158423,
  author = {Eric Heitz, Laurent Belcour},
  title = {Distributing Monte Carlo Errors as a Blue Noise in Screen Space by
          Permuting Pixel Seeds Between Frames},
  year = {2019},
  volume = {38},
  pages = {1--10},
  publisher = {Wiley},
  url = {https://hal.archives-ouvertes.fr/hal-02158423/document}
}

@CONFERENCE{Sch19,
  author = {Christoph Schied},
  title = {Real-time path tracing and denoising in Quake 2},
  year = {2019},
  organization = {Game Developer Conference},
  url = {https://www.gdcvault.com/play/1026185/}
}

@misc{OrcaUE4SunTemple,
   title = {Unreal Engine Sun Temple, Open Research Content Archive (ORCA)},
   author = {Epic Games},
   year = {2017},
   month = {October},
   note = {\small \texttt{http://developer.nvidia.com/orca/epic-games-sun-temple}},
   url = {http://developer.nvidia.com/orca/epic-games-sun-temple}
}

@misc{ORCAAmazonBistro,
   title = {Amazon Lumberyard Bistro, Open Research Content Archive (ORCA)},
   author = {Amazon Lumberyard},
   year = {2017},
   month = {July},
   note = {\small \texttt{http://developer.nvidia.com/orca/amazon-lumberyard-bistro}},
   url = {http://developer.nvidia.com/orca/amazon-lumberyard-bistro}
}

@ARTICLE{KK02,
  author = {G. Drettakis and H.-P. Seidel},
  title = {Efficient Multidimensional Sampling},
  year = {2002},
  volume = {21},
  doi = {10.1111/1467-8659.00706},
  pages = {1--8},
  publisher = {Wiley}
}

@misc{Pet17,
   title = {The problem with 3d blue noise},
   author = {Epic Games},
   year = {2017},
   note = {\small \texttt{Blogpost}},
   url = {http://momentsingraphics.de/3DBlueNoise.html}
}

@inproceedings{10.1117/12.152707,
author = {Robert A. Ulichney},
title = {{Void-and-cluster method for dither array generation}},
volume = {1913},
booktitle = {Human Vision, Visual Processing, and Digital Display IV},
editor = {Jan P. Allebach and Bernice E. Rogowitz},
organization = {International Society for Optics and Photonics},
publisher = {SPIE},
pages = {332 -- 343},
year = {1993},
doi = {10.1117/12.152707},
URL = {https://doi.org/10.1117/12.152707}
}

@inproceedings{10.1117/12.152707,
author = {Gjoel M., Svendsen M.},
title = {{Void-and-cluster method for dither array generation}},
booktitle = {Low complexity, high fidelity: The rendering of INSIDE},
organization = {Game Developer Conference},
pages = {27, 56},
year = {2016},
}

@Misc{Benty18,  
   author =      {Nir Benty and Kai-Hwa Yao and Tim Foley and Matthew Oakes and Conor Lavelle and Chris Wyman},  
   title =       {The {Falcor} Rendering Framework},  
   year =        {2018},  
   month =       {05},  
   url =         {https://github.com/NVIDIAGameWorks/Falcor},  
   note=         {\url{https://github.com/NVIDIAGameWorks/Falcor}}  
}